@ARTICLE {Siv2014,
    author  = "SIVARAMAKRISHNAN, K. and ZIAREK, L. and JAGANNATHAN, S.",
    title   = "{MultiMLton: A multicore-aware runtime for standard ML}",
    journal = "Journal of Functional Programming",
    year    = "2014",
    volume  = "24",
    number  = "06",
    pages   = "613-674"
}